@inproceedings{instances2014,
    author = {Ian P. Gent and Bilal Syed Hussain and Christopher A. Jefferson and Lars Kotthoff and Ian Miguel and Glenna F. Nightingale and Peter Nightingale},
    title = {Discriminating Instance Generation for Automated Constraint Model Selection},
    booktitle = {20th International Conference on Principles and Practice of Constraint Programming},
    month={September},
    year = {2014}
}

@inproceedings{birattari_racing_2002,
	title = {A Racing Algorithm for Configuring Metaheuristics},
	booktitle = {The Genetic and Evolutionary Computation Conference ({GECCO})},
	author = {Birattari, Mauro and St{\"u}tzle, Thomas and Paquete, Luis and Varrentrapp, Klaus},
	year = {2002},
        volume={2},	
	pages = {11--18}
}